@book{aluffi,
  title={Algebra: chapter 0},
  author={Aluffi, Paolo},
  volume={104},
  year={2009},
  publisher={American Mathematical Soc.}
}
@book{bosch,
	title={Algebra, 4. {\"u}berarbeitete Auflage},
	author={Bosch, Siegfried},
	year={2001},
	publisher={Berlin: Springer}
}