@book{aluffi,
  title={Algebra: chapter 0},
  author={Aluffi, Paolo},
  volume={104},
  year={2009},
  publisher={American Mathematical Soc.}
}

@book{assem1,
  title={Elements of the Representation Theory of Associative Algebras: Volume 1: Techniques of Representation Theory},
  author={Assem, I. and Simson, D. and Skowronski, A.},
  series={Elements of the Representation Theory of Associative Algebras},
  year={2006},
  publisher={Cambridge University Press}
}
