@book{schroer,
  title={Lineare Algebra},
  author={Schr{\o}er, Jan},
  year={2018},
  publisher={Vorlesungsskript},
}
